<collection xmlns="http://www.loc.gov/MARC21/slim">
<record>
  <leader>00912na 0a22002051i 450 </leader>
  <controlfield tag="001">IT\ICCU\CNCE\064452</controlfield>
  <controlfield tag="005">20060720000000.0</controlfield>
  <datafield tag="100" ind1=" " ind2=" ">
    <subfield code="a">20060413             0itac0103    ba</subfield>
  </datafield>
  <datafield tag="101" ind1=" " ind2=" ">
    <subfield code="a">LAT</subfield>
  </datafield>
  <datafield tag="200" ind1="1" ind2=" ">
    <subfield code="a">Probae Falconiae Hortinae cento ex Virgilio r.p.f. Damiani Granae Veronensis sacrae theologiae professoris Ordinis servorum opera in lucem editus</subfield>
  </datafield>
  <datafield tag="700" ind1=" " ind2="0">
    <subfield code="a">Proba</subfield>
    <subfield code="3">IT\ICCU\CNCA\001024</subfield>
  </datafield>
  <datafield tag="702" ind1=" " ind2="1">
    <subfield code="a">Grana,</subfield>
    <subfield code="b">Damiano</subfield>
    <subfield code="3">IT\ICCU\CNCA\003131</subfield>
  </datafield>
  <datafield tag="790" ind1=" " ind2="1">
    <subfield code="a">Proba,</subfield>
    <subfield code="b">Petronia</subfield>
    <subfield code="3">IT\ICCU\CNCA\010268</subfield>
    <subfield code="z">Proba</subfield>
  </datafield>
  <datafield tag="790" ind1=" " ind2="1">
    <subfield code="a">Faltonia,</subfield>
    <subfield code="b">Proba</subfield>
    <subfield code="3">IT\ICCU\CNCA\013991</subfield>
    <subfield code="z">Proba</subfield>
  </datafield>
  <datafield tag="790" ind1=" " ind2="1">
    <subfield code="a">Proba,</subfield>
    <subfield code="b">Faltonia Petita</subfield>
    <subfield code="3">IT\ICCU\CNCA\023284</subfield>
    <subfield code="z">Proba</subfield>
  </datafield>
  <datafield tag="790" ind1=" " ind2="1">
    <subfield code="a">Proba,</subfield>
    <subfield code="b">Faltonia Betitia</subfield>
    <subfield code="3">IT\ICCU\CNCA\023285</subfield>
    <subfield code="z">Proba</subfield>
  </datafield>
  <datafield tag="790" ind1=" " ind2="1">
    <subfield code="a">Proba,</subfield>
    <subfield code="b">Falconia</subfield>
    <subfield code="3">IT\ICCU\CNCA\023288</subfield>
    <subfield code="z">Proba</subfield>
  </datafield>
  <datafield tag="790" ind1=" " ind2="1">
    <subfield code="a">Grana,</subfield>
    <subfield code="b">Damianus</subfield>
    <subfield code="3">IT\ICCU\CNCA\014257</subfield>
    <subfield code="z">Grana, Damiano</subfield>
  </datafield>
  <datafield tag="790" ind1=" " ind2="1">
    <subfield code="a">Grani,</subfield>
    <subfield code="b">Damiano</subfield>
    <subfield code="3">IT\ICCU\CNCA\026085</subfield>
    <subfield code="z">Grana, Damiano</subfield>
  </datafield>
  <datafield tag="801" ind1=" " ind2="3">
    <subfield code="a">IT</subfield>
    <subfield code="b">ICCU</subfield>
    <subfield code="c">20201115</subfield>
  </datafield>
</record>
</collection>
